% Below are the references specific to the object oriented programming report
% Author: 	DÃ³nal Murray (May 2017)
% Date:		May 2017

%--------------INTRODUCTION
@article{ref:example,
      author        = "Lindner, Rolf",
      title         = "{LHCb layout\_2. LHCb schema\_2}",
      month         = "Feb",
      year          = "2008",
      reportNumber  = "LHCb-PHO-GENE-2008-002",
      url           = "https://cds.cern.ch/record/1087860",
      note          = "LHCb Collection.",
}

%--------------CODE
@Misc{ref:exampletwo,
  collaboration = {Digi-Key Corporation},
  title         = {Scheme-it: Design and Share Schematics},
  howpublished  = {\href{https://www.digikey.com/schemeit/} {https://www.digikey.com/schemeit/}},
}

%--------------RESULTS

%--------------DISCUSSION
@Misc{ref:maplin,
  collaboration = {Maplin},
  title         = {Maplin Electronics is a company registered in England No. 1264385},
  howpublished  = {\href{http://www.maplin.co.uk/} {http://www.maplin.co.uk/}},
}
